
@online{close2022,
  author   = {GaÃ«l Close},
  title    = {Technical {Writing} and {Publishing} {Data-Rich} {Articles}
              with {Quarto}},
  date     = {2022-09-22},
  url      = {https://gael-close.github.io/posts/2209-tech-writing/2209-tech-writing.html},
  langid   = {en},
  abstract = {Quarto is a new publishing tool for Jupyter notebook,
              which streamlines the publication of data-rich interactive article.
              We provide here a walk-through of its capabilities using an
              illustrative data analysis example.}
}



@article{Brajon2023-et,
  title     = {A Benchmark of Integrated Magnetometers and Magnetic
               Gradiometers},
  author    = {Brajon, Bruno and Gasparin, Enrico and Close, Ga{\"e}l},
  journal   = {IEEE Access},
  publisher = {IEEE},
  volume    = 11,
  pages     = {115635--115643},
  year      = 2023,
  issn      = {2169-3536},
  doi       = {10.1109/ACCESS.2023.3325035}
}
